<?xml version="1.0" encoding="UTF-8"?><collection xmlns="http://www.loc.gov/MARC21/slim"><record><leader>00396nam--2200145-i-4500</leader><controlfield tag="001">000034130</controlfield><controlfield tag="002">20161230</controlfield><controlfield tag="005">20161230201039</controlfield><controlfield tag="008">060222s1000------------r-----000-0-eng-d</controlfield><datafield ind1=" " ind2=" " tag="080"><subfield code="a">669</subfield></datafield><datafield ind1=" " ind2=" " tag="100"><subfield code="a">Neuman, G. And Neuman, G.M</subfield></datafield><datafield ind1=" " ind2=" " tag="245"><subfield code="a">Surface self-diffusion of metals</subfield></datafield><datafield ind1=" " ind2=" " tag="260"><subfield code="a">Bay Village, Diffusion Information Center, 1972. 129p</subfield></datafield><datafield ind1=" " ind2=" " tag="490"><subfield code="a">Diffusion Monograph Series</subfield></datafield><datafield ind1=" " ind2=" " tag="852"><subfield code="a">36147</subfield></datafield></record></collection>